<?xml version="1.0" encoding="UTF-8"?><record xmlns="http://www.loc.gov/MARC21/slim" xmlns:cinclude="http://apache.org/cocoon/include/1.0" xmlns:zs="http://www.loc.gov/zing/srw/">
  <leader>00597cz  a2200145n  4500</leader>
  <controlfield tag="001">n  83053173 </controlfield>
  <controlfield tag="003">DLC</controlfield>
  <controlfield tag="005">20081221205221.0</controlfield>
  <controlfield tag="008">830204n| acannaabn          |a aaa      </controlfield>
  <datafield tag="010" ind1=" " ind2=" ">
    <subfield code="a">n  83053173 </subfield>
  </datafield>
  <datafield tag="035" ind1=" " ind2=" ">
    <subfield code="a">(OCoLC)oca00939379</subfield>
  </datafield>
  <datafield tag="040" ind1=" " ind2=" ">
    <subfield code="a">DLC</subfield>
    <subfield code="b">eng</subfield>
    <subfield code="c">DLC</subfield>
    <subfield code="d">OCoLC</subfield>
  </datafield>
  <datafield tag="100" ind1="1" ind2=" ">
    <subfield code="a">Nabhān, Maḥmūd</subfield>
  </datafield>
  <datafield tag="400" ind1="0" ind2=" ">
    <subfield code="a">Maḥmūd Nabhān</subfield>
  </datafield>
  <datafield tag="670" ind1=" " ind2=" ">
    <subfield code="a">Muʼassasah al-ʻĀmmah lil-Jiyūlūjiyā wa-al-Tharwah al-Maʻdinīyah fī al-Quṭral al-ʻArabī al-Sūrī. Kharīṭat Sūrīyah al-jiyūlūjīyah, 1982? (a.e.)</subfield>
    <subfield code="b">map recto (iʻdād al-Muhandis al-kārtūghrāfī, Maḥmūd Nabhān)</subfield>
  </datafield>
</record>